
% Home
 @misc{ipdc,
  title={iPDC Workshop},
  howpublished={\url{https://www.csc.tntech.edu/pdcincs/}},
  journal={iPDC},
  author={Ghafoor, Sheikh and Rogers, Mike}
} 

@misc{ipdc_textbook,
  title={iPDC Textbook},
  howpublished={\url{https://www.csc.tntech.edu/pdcincs/resources/resources/How%20to%20Design%20a%20Parallel%20Program.pdf/}},
  author={Ghafoor, Sheikh, Rogers, Mike and Boshart, Mark}
} 

% Modules
 @misc{ipdc_modules,
  title={iPDC Modules},
  howpublished={\url{https://www.csc.tntech.edu/pdcincs/index.php/ipdc-modules/}},
  journal={iPDC},
  author={Ghafoor, Sheikh and Rogers, Mike}
} 

% Resources
 @misc{ipdc_resources,
  title={iPDC Resources},
  howpublished={\url{https://www.csc.tntech.edu/pdcincs/index.php/resources/}},
  journal={iPDC},
  author={Ghafoor, Sheikh and Rogers, Mike}
} 

@misc{openmp_1.0_spec,
	title={OpenMP C and C++ Application Program Interface Version 1.0},
	howpublished={\url{https://www.openmp.org/wp-content/uploads/cspec10.pdf}},
	journal={OpenMP}
}


% parallel programming in curriculum 

% websites


% journal papers
 @inproceedings{ko2013parallel,
  title={Parallel from the beginning: The case for multicore programming in thecomputer science undergraduate curriculum},
  author={Ko, Yousun and Burgstaller, Bernd and Scholz, Bernhard},
  booktitle={Proceeding of the 44th ACM technical symposium on Computer science education},
  pages={415--420},
  year={2013}
}
	
@inproceedings{adams2014injecting,
  title={Injecting parallel computing into CS2},
  author={Adams, Joel C},
  booktitle={Proceedings of the 45th ACM technical symposium on Computer science education},
  pages={277--282},
  year={2014}
}

@inproceedings{neelima2015introducing,
  title={Introducing high performance computing concepts into engineering undergraduate curriculum: a success story},
  author={Neelima, B and Li, Jiajia},
  booktitle={Proceedings of the Workshop on Education for High-Performance Computing},
  pages={1--8},
  year={2015}
}

@article{graham2007integrating,
  title={Integrating parallel programming techniques into traditional computer science curricula},
  author={Graham, John R},
  journal={ACM SIGCSE Bulletin},
  volume={39},
  number={4},
  pages={75--78},
  year={2007},
  publisher={ACM New York, NY, USA}
}

@inproceedings{brown2012csinparallel,
  title={CSinParallel and synergy for rapid incremental addition of PDC into CS curricula},
  author={Brown, Richard and Shoop, Elizabeth},
  booktitle={2012 IEEE 26th International Parallel and Distributed Processing Symposium Workshops \& PhD Forum},
  pages={1329--1334},
  year={2012},
  organization={IEEE}
}

@inproceedings{brown2011modules,
  title={Modules in community: injecting more parallelism into computer science curricula},
  author={Brown, Richard and Shoop, Elizabeth},
  booktitle={Proceedings of the 42nd ACM technical symposium on Computer science education},
  pages={447--452},
  year={2011}
}

@inproceedings{adams2013patterns,
  title={Patterns and exemplars: Compelling strategies for teaching parallel and distributed computing to cs undergraduates},
  author={Adams, Joel and Brown, Richard and Shoop, Elizabeth},
  booktitle={2013 IEEE International Symposium on Parallel \& Distributed Processing, Workshops and Phd Forum},
  pages={1244--1251},
  year={2013},
  organization={IEEE}
}

@inproceedings{ernst2008concurrent,
  title={Concurrent CS: preparing students for a multicore world},
  author={Ernst, Daniel J and Stevenson, Daniel E},
  booktitle={Proceedings of the 13th annual conference on Innovation and technology in computer science education},
  pages={230--234},
  year={2008}
}

@inproceedings{ahmed2013introducing,
  title={Introducing high performance computing (HPC) concepts in institutions with an absence of HPC culture},
  author={Ahmed, Waseem and Muthaher, Mohammed Mufasir and Basheer, Jamshid M},
  booktitle={2013 Sixth International Conference on Contemporary Computing (IC3)},
  pages={274--277},
  year={2013},
  organization={IEEE}
}

@inproceedings{bogaerts2014limited,
  title={Limited time and experience: Parallelism in CS1},
  author={Bogaerts, Steven A},
  booktitle={2014 IEEE International Parallel \& Distributed Processing Symposium Workshops},
  pages={1071--1078},
  year={2014},
  organization={IEEE}
}

@inproceedings{kurtz1998parallel,
  title={Parallel computing in the undergraduate curriculum},
  author={Kurtz, Barry L and Kim, Chinhyun and Alsabbagh, Jamal},
  booktitle={Proceedings of the twenty-ninth SIGCSE technical symposium on Computer science education},
  pages={212--216},
  year={1998}
}

@INPROCEEDINGS {luintegrating,
author = {G. Lu and J. Xu and J. Liu and B. Dai and S. Gui and S. Zhan},
booktitle = {2015 IEEE International Parallel and Distributed Processing Symposium Workshop (IPDPSW)},
title = {Integrating Parallel and Distributed Computing Topics into an Undergraduate CS Curriculum at UESTC},
year = {2015},
volume = {},
issn = {},
pages = {782-787},
keywords = {computer architecture;programming profession;distributed computing;computers;algorithm design and analysis;java},
doi = {10.1109/IPDPSW.2015.66},
url = {https://doi.ieeecomputersociety.org/10.1109/IPDPSW.2015.66},
publisher = {IEEE Computer Society},
address = {Los Alamitos, CA, USA},
month = {may}
}





% Related work sources
@inproceedings{bull2000jomp,
  title={JOMPâ€”an OpenMP-like Interface for Java},
  author={Bull, J Mark and Kambites, Mark E},
  booktitle={Proceedings of the ACM 2000 conference on Java Grande},
  pages={44--53},
  year={2000}
}

@inproceedings{giacaman2013pyjama,
  title={Pyjama: OpenMP-like implementation for Java, with GUI extensions},
  author={Giacaman, Nasser and Sinnen, Oliver},
  booktitle={Proceedings of the 2013 International Workshop on Programming Models and Applications for Multicores and Manycores},
  pages={43--52},
  year={2013}
}

@article{bvelohlavek2015openmp,
  title={OpenMP for Java},
  author={B{\v{e}}lohl{\'a}vek, Petr},
  year={2015},
  publisher={Univerzita Karlova, Matematicko-fyzik{\'a}ln{\'\i} fakulta}
}

% OpenMP Core (1.0 spec)
@misc{openmp_1.0, 
  journal={OpenMP C and C++ Application Program Interface},
  howpublished={\url{https://www.openmp.org/wp-content/uploads/cspec10.pdf}}
} 

% Redmonk Language statistics
@misc{fitzpatrick_2021,
  title={RedMonk Top 20 Languages Over Time: January 2021},
  url={https://redmonk.com/kfitzpatrick/2021/03/02/redmonk-top-20-languages-over-time-january-2021/},
  journal={Sometimes Dragons}, 
  publisher={RedMonk}, 
  author={Fitzpatrick, KellyAnn}, 
  year={2021}, 
  month={Mar}
} 










